@article{ormachea2015new,
  title={A new criminal records database for large-scale analysis of policy and behavior},
  author={Ormachea, Pablo A and Haarsma, Gabe and Davenport, Sasha and Eagleman, David M},
  journal={Journal of Science and Law| jscilaw. org September},
  volume={1},
  number={1},
  pages={2},
  year={2015}
}

@dataset{Neulaw,
    title = {NeuLaw Criminal Record Database},
    author= {Eagleman, David M.},
    distributor = {Ann Arbor, MI: Inter-university Consortium for Political and Social Research}, 
    data = {2016-11-30},
    doi = {10.3886/E100360V1}
}