@misc{codebook,
    title = {Virginia Pre-trial Data Project: Data Codebook, October 2017 Project Dataset},
    author = {Virginia State Crime Commission},
    month = {September}
    year = {2021},
    url = {http://www.vcsc.virginia.gov/pretrialdataproject/October%202017%20Cohort_Full%20Data%20Codebook_Rev%2010-26-2021.pdf}
}